@article{doctorH-2014,
	url = {https://talk.collegeconfidential.com/mcat-prep/1667370-the-new-2015-mcat.html},
	author = {doctorH},
	title = {the New 2015 MCAT??},
	journal = {Collegeconfidential.com},
	date = {2014-07-13},
	abstract = {doctorH, },
	%access = "May 2, 2019"
}
