@article{twinkle-2019,
	url = {https://www.reddit.com/r/premed/comments/bnrxjo/app_cycle_is_not_fun_at_all/},
	author = {u/twinkle1996},
	title = {App cycle is not fun at all},
	journal = {Reddit},
	date = {2019-05-12},
	abstract = {doctorH, },
	%access = "May 12, 2019"
}
