@book { 1327236
        author	= "The Berkeley Review", 
        title	= "The Berkeley Review MCAT Organic Chemistry Part 2" 
        }
