\usepackage[backend=biber, bibencoding=utf8, style=mla]{biblatex} %Needed for Biber backend
%For this document, the actual abstracts are commented out, and replaced with my annotation in said field to print out a proper annotated bibliography
