@MISC{WEBSITE:1,
	HOWPUBLISHED = "\url{talk.collegeconfidential.com/mcat-prep/1667370-the-new-2015-mcat.html}",
	AUTHOR = "doctorH",
	TITLE = "the New 2015 MCAT??",
	MONTH = "Jul",
	YEAR = "2014",
	NOTE = "May 6, 2019"
}
