@article{10.2307/1395028,
 ISSN = {01417789, 14664380},
 URL = {http://0-www.jstor.org.ecclib.elcamino.edu/stable/1395028},
 author = {Ingrid Pollard},
 journal = {Feminist Review},
 number = {17},
 pages = {115--117},
 publisher = {Sage Publications, Ltd.},
 reviewed-author = {Maya Angelou and Maya Angelou},
 title = {Maya Angelou},
 year = {1984}
}

