@article{Doering-2015,
 doi       = {10.1016/j.jpainsymman.2014.11.206},
 title     = {The Undergraduate Hospice Experience: A Way to Teach Pre-Med Students the Importance of Compassionate Patient Care (S725)},
 %author    = {Doering, Alex and Makowski, Suzana Everett and Ramus, Seth},
 author    = {Doering, Alex et al.},
 publisher = {Elsevier Science},
 journal   = {Journal of Pain and Symptom Management},
 issn      = {0885-3924},
 date      = {2015-02-02},
 volume    = {49},
 issue     = {2},
 pages     = {420},
 abstract = {Doering studied and observed the learning experiences of Premedical students who worked in hospices, which are end-of-life facilities. Doering noted an incredible growth in both introspection and the ability to empathetically give patient care in these students.},
 %abstract	= {Identify the role that pre-medical education forums can have in influencing the future workforce in primary and specialty palliative and end-of-life care.},
 url       = {doi.org/10.1016/j.jpainsymman.2014.11.206
}
}
