@article{Spencer-2001,
 ISSN = {09598138, 17561833},
 URL = {http://www.jstor.org/stable/25466096},
 author = {S. A. Spencer and Belinda Brewer and Emile Tan and Chris O'Loughlin and William Westlake and J. Vive and Neil Fergusson and Rod MacQueen and Michael Jarmulowicz and James Paton and Phillip Bennett-Richards and Sharon Davies},
 journal = {BMJ: British Medical Journal},
 number = {7281},
 pages = {296--299},
 publisher = {BMJ},
 title = {Cheating At Medical School},
 volume = {322},
 year = {2001}
}

