@article{Tseng2014,
doi	= {10.1016/j.jmb.2013.09.040},
title	= {Cooperative KaiA–KaiB–KaiC Interactions Affect KaiB/SasA Competition in the Circadian Clock of Cyanobacteria},
author	= {Tseng, Roger; Chang, Yong-Gang; Bravo, Ian; Latham, Robert; Chaudhary, Abdullah; Kuo, Nai-Wei; LiWang, Andy},
publisher	= {Elsevier Science},
journal	= {Journal of Molecular Biology},
issnp	= {0022-2836},
issne	= {1089-8638},
year	= {2014},
month	= {01},
volume	= {426},
issue	= {2},
page	= {389--402},
url =       {http://gen.lib.rus.ec/scimag/index.php?s=10.1016/j.jmb.2013.09.040},
}
