@article{Hashimoto2011,
doi	= {10.1016/j.febslet.2011.05.038},
title	= {Cellular DBP and E4BP4 proteins are critical for determining the period length of the circadian oscillator},
author	= {Daisuke Yamajuku; Yasutaka Shibata; Masashi Kitazawa; Toshie Katakura; Hiromi Urata; Tomoko Kojima; Satoko Takayasu; Osamu Nakata; Seiichi Hashimoto},
publisher	= {Elsevier Science},
journal	= {FEBS Letters},
issnp	= {0014-5793},
year	= {2011},
volume	= {585},
issue	= {14},
page	= {2217--2222},
url =       {https://doi.org/10.1016/j.febslet.2011.05.038},
}
