@article{Horowitz-2009,
 doi       = {10.1080/00220970903352746},
 title     = {It's Not Always Just About the Grade: Exploring the Achievement Goal Orientations of Pre-Med Students},
 author    = {Horowitz, Gail},
 publisher = {Heldref Publishing},
 journal   = {The Journal of Experimental Education},
 issn      = {0022-0973,1940-0683},
 year      = {2009},
 volume    = {78},
 issue     = {2},
 pages     = {215--245},
 url       = {/scimag/10.1080%2F00220970903352746}
}
